@article{DBLP:journals/corr/abs-1708-01141,
  author    = {Jelmer M. Wolterink and
               Tim Leiner and
               Max A. Viergever and
               Ivana Isgum},
  title     = {Automatic Segmentation and Disease Classification Using Cardiac Cine
               {MR} Images},
  journal   = {CoRR},
  volume    = {abs/1708.01141},
  year      = {2017},
  url       = {http://arxiv.org/abs/1708.01141},
  archivePrefix = {arXiv},
  eprint    = {1708.01141},
  timestamp = {Mon, 13 Aug 2018 16:48:43 +0200},
  biburl    = {https://dblp.org/rec/journals/corr/abs-1708-01141.bib},
  bibsource = {dblp computer science bibliography, https://dblp.org}
}

@misc{retrainpy,
  title        = {retrain.py},
  howpublished = {\url{https://github.com/tensorflow/hub/blob/master/examples/image_retraining/retrain.py}}
}